<record><leader>00000cas a2200000 a 4500</leader><controlfield tag="001">19730559</controlfield><controlfield tag="008">890518d18931964maudn ne      0    0eng c</controlfield><datafield ind1=" " ind2=" " tag="010"><subfield code="a">sn 89062026 </subfield></datafield><datafield ind1=" " ind2=" " tag="040"><subfield code="a">MGN</subfield><subfield code="b">eng</subfield><subfield code="c">MGN</subfield><subfield code="d">CUI</subfield><subfield code="d">OCLCQ</subfield><subfield code="d">OCLCF</subfield></datafield><datafield ind1="1" ind2=" " tag="029"><subfield code="a">AU@</subfield><subfield code="b">000025849524</subfield></datafield><datafield ind1=" " ind2=" " tag="042"><subfield code="a">pcc</subfield></datafield><datafield ind1=" " ind2=" " tag="043"><subfield code="a">n-us-ma</subfield></datafield><datafield ind1=" " ind2="4" tag="050"><subfield code="a">AN</subfield></datafield><datafield ind1="0" ind2="0" tag="245"><subfield code="a">Beverly evening times.</subfield></datafield><datafield ind1=" " ind2=" " tag="260"><subfield code="a">Beverly, Mass. :</subfield><subfield code="b">[Albert Vittum]</subfield></datafield><datafield ind1=" " ind2=" " tag="300"><subfield code="a">v.</subfield></datafield><datafield ind1=" " ind2=" " tag="310"><subfield code="a">Daily (except Sun.)</subfield></datafield><datafield ind1="1" ind2=" " tag="362"><subfield code="a">Began in 1893.</subfield></datafield><datafield ind1="0" ind2=" " tag="362"><subfield code="a">-v. 71, no. 172 (Apr. 28, 1964).</subfield></datafield><datafield ind1=" " ind2=" " tag="580"><subfield code="a">Weekly ed.: Beverly times (Beverly, Mass. : 1882).</subfield></datafield><datafield ind1=" " ind2=" " tag="588"><subfield code="a">Description based on: Vol. 1, no. 3 (Oct. 7, 1893).</subfield></datafield><datafield ind1=" " ind2="0" tag="651"><subfield code="a">Beverly (Mass.)</subfield><subfield code="v">Newspapers.</subfield></datafield><datafield ind1=" " ind2="7" tag="655"><subfield code="a">Newspapers.</subfield><subfield code="2">fast</subfield><subfield code="0">(OCoLC)fst01423814</subfield></datafield><datafield ind1=" " ind2="7" tag="651"><subfield code="a">Massachusetts</subfield><subfield code="z">Beverly.</subfield><subfield code="2">fast</subfield><subfield code="0">(OCoLC)fst01210481</subfield></datafield><datafield ind1=" " ind2=" " tag="752"><subfield code="a">United States</subfield><subfield code="b">Massachusetts</subfield><subfield code="c">Essex</subfield><subfield code="d">Beverly.</subfield></datafield><datafield ind1="1" ind2=" " tag="775"><subfield code="t">Beverly times (Beverly, Mass. : 1882)</subfield><subfield code="w">(DLC)sn 94055803</subfield><subfield code="w">(OCoLC)30933521</subfield></datafield><datafield ind1="0" ind2="0" tag="785"><subfield code="t">Beverly times (Beverly, Mass. : 1964)</subfield><subfield code="w">(DLC)sn 89062027</subfield><subfield code="w">(OCoLC)19730555</subfield></datafield></record>